@INPROCEEDINGS{anderson2018_a,
  author={P. {Anderson} and Q. {Wu} and D. {Teney} and J. {Bruce} and M. {Johnson} and N. {SÃ¼nderhauf} and I. {Reid} and S. {Gould} and A. {van den Hengel}},
  booktitle={2018 IEEE/CVF Conference on Computer Vision and Pattern Recognition}, 
  title={Vision-and-Language Navigation: Interpreting Visually-Grounded Navigation Instructions in Real Environments}, 
  year={2018},
  volume={},
  number={},
  pages={3674-3683},
  doi={10.1109/CVPR.2018.00387}}

@inproceedings{ma2019_a,
    title={The Regretful Agent: Heuristic-Aided Navigation through Progress Estimation},
    author={Chih-Yao Ma and Zuxuan Wu and Ghassan AlRegib and Caiming Xiong and Zsolt Kira},
    booktitle={Proceedings of the IEEE Conference on Computer Vision and Pattern Recognition (CVPR)},
    year={2019},
    url={https://arxiv.org/abs/1903.01602},
}

@inproceedings{wang2018_a,
  author={Xin Wang and Wenhan Xiong and Hongmin Wang and William Yang Wang},
  title={Look Before You Leap: Bridging Model-Free and Model-Based Reinforcement Learning for Planned-Ahead Vision-and-Language Navigation},
  year={2018},
  cdate={1514764800000},
  pages={38-55},
  url={https://doi.org/10.1007/978-3-030-01270-0_3},
  booktitle={ECCV (16)},
  crossref={conf/eccv/2018-16}
}

@inproceedings{fried2018_a,
  title={Speaker-Follower Models for Vision-and-Language Navigation},
  author={Fried, Daniel and Hu, Ronghang and Cirik, Volkan and Rohrbach, Anna and Andreas, Jacob and Morency, Louis-Philippe and Berg-Kirkpatrick, Taylor and Saenko, Kate and Klein, Dan and Darrell, Trevor},
  booktitle={Neural Information Processing Systems (NeurIPS)},
  year={2018}
}

@article{singh2020moca,
  title={MOCA: A Modular Object-Centric Approach for Interactive Instruction Following},
  author={Singh, Kunal Pratap and Bhambri, Suvaansh and Kim, Byeonghwi and Mottaghi, Roozbeh and Choi, Jonghyun},
  journal={arXiv preprint arXiv:2012.03208},
  year={2020}
}

@inproceedings{krantz2020_a,
  title={Beyond the Nav-Graph: Vision and Language Navigation in Continuous Environments},
  author={Jacob Krantz and Erik Wijmans and Arjun Majundar and Dhruv Batra and Stefan Lee},
  booktitle={European Conference on Computer Vision (ECCV)},
  year={2020}
 }
 
 @inproceedings{tan2019_a
    title = {Learning to Navigate Unseen Environments: Back Translation with Environmental Dropout",
    author = {Tan, Hao  and
      Yu, Licheng  and
      Bansal, Mohit}",
    booktitle = "Proceedings of the 2019 Conference of the North {A}merican Chapter of the Association for Computational Linguistics: Human Language Technologies, Volume 1 (Long and Short Papers)",
    month = jun,
    year = "2019",
    address = "Minneapolis, Minnesota",
    publisher = "Association for Computational Linguistics",
    url = "https://www.aclweb.org/anthology/N19-1268",
    doi = "10.18653/v1/N19-1268",
    pages = "2610--2621"
}

@inproceedings{shridhar_a,
  title ={{ALFRED: A Benchmark for Interpreting Grounded 
           Instructions for Everyday Tasks}},
  author={Mohit Shridhar and Jesse Thomason and
          Daniel Gordon and Yonatan Bisk and
          Winson Han and Roozbeh Mottaghi and
          Luke Zettlemoyer and Dieter Fox},
  booktitle = {The IEEE Conference on Computer Vision 
              and Pattern Recognition (CVPR)},
  month = {June},
  year = {2020},
}

@article{summers1977methodology,
  title={A methodology for LISP program construction from examples},
  author={Summers, Phillip D},
  journal={Journal of the ACM (JACM)},
  volume={24},
  number={1},
  pages={161--175},
  year={1977},
  publisher={ACM New York, NY, USA}
}

@article{muggleton1994inductive,
  title={Inductive logic programming: Theory and methods},
  author={Muggleton, Stephen and De Raedt, Luc},
  journal={The Journal of Logic Programming},
  volume={19},
  pages={629--679},
  year={1994},
  publisher={Elsevier}
}

@article{yin2017syntactic,
  title={A syntactic neural model for general-purpose code generation},
  author={Yin, Pengcheng and Neubig, Graham},
  journal={arXiv preprint arXiv:1704.01696},
  year={2017}
}

@inproceedings{berant2013semantic,
  title={Semantic parsing on freebase from question-answer pairs},
  author={Berant, Jonathan and Chou, Andrew and Frostig, Roy and Liang, Percy},
  booktitle={Proceedings of the 2013 conference on empirical methods in natural language processing},
  pages={1533--1544},
  year={2013}
}

@inproceedings{andreas2016neural,
  title={Neural module networks},
  author={Andreas, Jacob and Rohrbach, Marcus and Darrell, Trevor and Klein, Dan},
  booktitle={Proceedings of the IEEE conference on computer vision and pattern recognition},
  pages={39--48},
  year={2016}
}

@article{dong2018coarse,
  title={Coarse-to-fine decoding for neural semantic parsing},
  author={Dong, Li and Lapata, Mirella},
  journal={arXiv preprint arXiv:1805.04793},
  year={2018}
}

@inproceedings{johnson2017clevr,
  title={Clevr: A diagnostic dataset for compositional language and elementary visual reasoning},
  author={Johnson, Justin and Hariharan, Bharath and Van Der Maaten, Laurens and Fei-Fei, Li and Lawrence Zitnick, C and Girshick, Ross},
  booktitle={Proceedings of the IEEE Conference on Computer Vision and Pattern Recognition},
  pages={2901--2910},
  year={2017}
}

@article{das2014frame,
  title={Frame-semantic parsing},
  author={Das, Dipanjan and Chen, Desai and Martins, Andr{\'e} FT and Schneider, Nathan and Smith, Noah A},
  journal={Computational linguistics},
  volume={40},
  number={1},
  pages={9--56},
  year={2014},
  publisher={MIT Press}
}

@article{santoro2017simple,
  title={A simple neural network module for relational reasoning},
  author={Santoro, Adam and Raposo, David and Barrett, David GT and Malinowski, Mateusz and Pascanu, Razvan and Battaglia, Peter and Lillicrap, Timothy},
  journal={arXiv preprint arXiv:1706.01427},
  year={2017}
}

@inproceedings{berant2014semantic,
  title={Semantic parsing via paraphrasing},
  author={Berant, Jonathan and Liang, Percy},
  booktitle={Proceedings of the 52nd Annual Meeting of the Association for Computational Linguistics (Volume 1: Long Papers)},
  pages={1415--1425},
  year={2014}
}

@inproceedings{mooney2007learning,
  title={Learning for semantic parsing},
  author={Mooney, Raymond J},
  booktitle={International Conference on Intelligent Text Processing and Computational Linguistics},
  pages={311--324},
  year={2007},
  organization={Springer}
}

@inproceedings{ALFRED20,
  title ={{ALFRED: A Benchmark for Interpreting Grounded 
           Instructions for Everyday Tasks}},
  author={Mohit Shridhar and Jesse Thomason and
          Daniel Gordon and Yonatan Bisk and
          Winson Han and Roozbeh Mottaghi and
          Luke Zettlemoyer and Dieter Fox},
  booktitle = {The IEEE Conference on Computer Vision 
              and Pattern Recognition (CVPR)},
  month = {June},
  year = {2020},
}

@InProceedings{He_2016_CVPR,
author = {He, Kaiming and Zhang, Xiangyu and Ren, Shaoqing and Sun, Jian},
title = {Deep Residual Learning for Image Recognition},
booktitle = {The IEEE Conference on Computer Vision 
              and Pattern Recognition (CVPR)},
month = {June},
year = {2016}
}

@article{VQA,
  author    = {Stanislaw Antol and
               Aishwarya Agrawal and
               Jiasen Lu and
               Margaret Mitchell and
               Dhruv Batra and
               C. Lawrence Zitnick and
               Devi Parikh},
  title     = {{VQA:} Visual Question Answering},
  journal   = {CoRR},
  volume    = {abs/1505.00468},
  year      = {2015},
  url       = {http://arxiv.org/abs/1505.00468},
  archivePrefix = {arXiv},
  eprint    = {1505.00468},
  timestamp = {Mon, 13 Aug 2018 16:48:30 +0200},
  biburl    = {https://dblp.org/rec/journals/corr/AntolALMBZP15.bib},
  bibsource = {dblp computer science bibliography, https://dblp.org}
}

@article{vis_grounding,
  author    = {Fanyi Xiao and
               Leonid Sigal and
               Yong Jae Lee},
  title     = {Weakly-supervised Visual Grounding of Phrases with Linguistic Structures},
  journal   = {CoRR},
  volume    = {abs/1705.01371},
  year      = {2017},
  url       = {http://arxiv.org/abs/1705.01371},
  archivePrefix = {arXiv},
  eprint    = {1705.01371},
  timestamp = {Mon, 13 Aug 2018 16:46:03 +0200},
  biburl    = {https://dblp.org/rec/journals/corr/XiaoSL17.bib},
  bibsource = {dblp computer science bibliography, https://dblp.org}
}

@article{end_to_end_approach,
  author    = {Fan Wu and
               Zhongwen Xu and
               Yi Yang},
  title     = {An End-to-End Approach to Natural Language Object Retrieval via Context-Aware
               Deep Reinforcement Learning},
  journal   = {CoRR},
  volume    = {abs/1703.07579},
  year      = {2017},
  url       = {http://arxiv.org/abs/1703.07579},
  archivePrefix = {arXiv},
  eprint    = {1703.07579},
  timestamp = {Mon, 13 Aug 2018 16:47:48 +0200},
  biburl    = {https://dblp.org/rec/journals/corr/WuXY17.bib},
  bibsource = {dblp computer science bibliography, https://dblp.org}
}

@article{Wu_Liu_Wang_Li_2019, title={Differential Networks for Visual Question Answering}, volume={33}, url={https://ojs.aaai.org/index.php/AAAI/article/view/4930}, DOI={10.1609/aaai.v33i01.33018997}, number={01}, journal={Proceedings of the AAAI Conference on Artificial Intelligence}, author={Wu, Chenfei and Liu, Jinlai and Wang, Xiaojie and Li, Ruifan}, year={2019}, month={Jul.}, pages={8997-9004} }

@article{stacked_attention,
  author    = {Zichao Yang and
               Xiaodong He and
               Jianfeng Gao and
               Li Deng and
               Alexander J. Smola},
  title     = {Stacked Attention Networks for Image Question Answering},
  journal   = {CoRR},
  volume    = {abs/1511.02274},
  year      = {2015},
  url       = {http://arxiv.org/abs/1511.02274},
  archivePrefix = {arXiv},
  eprint    = {1511.02274},
  timestamp = {Mon, 13 Aug 2018 16:47:25 +0200},
  biburl    = {https://dblp.org/rec/journals/corr/YangHGDS15.bib},
  bibsource = {dblp computer science bibliography, https://dblp.org}
}